=LDR  00000nam a2200000 i 4500
=001  1503538778
=005  20250228183929.5
=008  250227s2025    ko a    ob    000 0 kor d
=006  m     o  d        
=007  cr\||||||||||
=040  \\$aWAU$beng$erda$epn$cWAU$dOCLCO
=020  \\$a9791172611262$q(electronic bk.)
=043  \\$aa-kr---$aa-ko---
=050  \4$aBQ4570.W6$bP88 2025
=049  \\$aWAUW
=245  00$6880-01$aPutta, sŏng kwa sarang ŭl mal hada :$bPulgyo seksyuŏllit'i ŭi chaebalgyŏn = Sex & love of Buddha /$cHyŏn'gyŏng [and eight others] chiŭm.
=246  30$6880-02$aPulgyo seksyuŏllit'i ŭi chaebalgyŏn
=246  31$aSex & love of Buddha
=246  3\$aSex and love of Buddha
=264  \1$6880-03$aSŏul-si :$bPulgwang Ch'ulp'ansa,$c2025.
=300  \\$a1 online resource :$billustrations
=336  \\$atext$btxt$2rdacontent
=337  \\$acomputer$bc$2rdamedia
=338  \\$aonline resource$bcr$2rdacarrier
=504  \\$aIncludes bibliographical references.
=588  0\$aOnline resource; title from digital title page (Kyobo, viewed February 27, 2025).
=650  \0$aWomen$xReligious aspects$xBuddhism.
=650  \0$aFeminism$xReligious aspects$xBuddhism.
=650  \0$aSex$xReligious aspects$xBuddhism.
=650  \0$aBuddhism$zKorea$xHistory.
=650  \6$aFemmes$xAspect religieux$xBouddhisme.$0(CaQQLa)201-0221131
=650  \6$aFéminisme$xAspect religieux$xBouddhisme.$0(CaQQLa)000310510
=650  \6$aSexualité$xAspect religieux$xBouddhisme.$0(CaQQLa)000319965
=650  \6$aBouddhisme$zCorée$xHistoire.$0(CaQQLa)201-0258309
=700  1\$aChung, Hyun Kyung,$eauthor.$1https://id.oclc.org/worldcat/entity/E39PBJfX49hYKRPwrXm9hvkkXd
=776  08$iPrint version:$tPutta, sŏng kwa sarang ŭl mal hada.$bCh'op'an.$dSŏul-si : Pulgwang Ch'ulp'ansa, 2025$z9791172611224$w(OCoLC)1501208084
=880  00$6245-01/{dollar}1$a붓다, 성 과 사랑 을 말 하다 :$b불교 섹슈얼리티 의 재발견 = Sex & love of Buddha /$c현경 [and eight others] 지음.
=880  30$6246-02/{dollar}1$a불교 섹슈얼리티 의 재발견
=880  \1$6264-03/{dollar}1$a서울시 :$b불광 출판사,$c2025.
=066  \\$c{dollar}1

