=LDR  00000nam a2200000 i 4500
=001  1517264577
=005  20250425180828.1
=008  250424s2025    gaua     c    000 0deng  
=040  \\$aWAU$beng$erda$cWAU$dOCLCO
=020  \\$a9798992017502$qpaperback
=043  \\$an-usp--$an-us-ga
=050  \4$aN6526$b.W66 2025
=049  \\$aWAUW
=245  00$aWomen of the Pacific Northwest :$bThe Bo Bartlett Center, Columbus State University, Columbus, Georgia, January 18-April 26, 2025..
=264  \1$aColumbus, Georgia :$bThe Bo Bartlett Center, Columbus State University,$c[2025?]
=300  \\$a60 pages :$billustrations (chiefly color) ;$c24 x 24 cm
=336  \\$atext$btxt$2rdacontent
=336  \\$astill image$bsti$2rdacontent
=337  \\$aunmediated$bn$2rdamedia
=338  \\$avolume$bnc$2rdacarrier
=505  0\$aExhibition essay / Betsy Eby -- Marie Watt -- Jaq Chartier -- Lisa Jarrett -- Betsy Eby -- Katy Stone -- Etsuko Ichikawa -- Brenda Mallory -- Emily Gherard -- Ann Gardner -- Drie Chapek -- Susan Zoccola -- Victoria Adams -- Susan Dory -- Julie Speidel -- Exhibition checklist -- About the Bo Bartlett Center.
=520  \\$a"This exhibition highlights female artists whose work is rooted in material exploration within the tradition of Northwest influences and how environment shapes visual vocabularies and concepts"--$cProvided by publisher.
=650  \0$aWomen artists$zNorthwest, Pacific$vExhibitions.
=650  \0$aArt, American$zNorthwest, Pacific$y21st century$vExhibitions.
=655  \7$aexhibition catalogs.$2aat$0(CStmoGRI)aatgf300026096
=655  \7$aExhibition catalogs.$2lcgft
=655  \7$aCatalogues d'exposition.$2rvmgf$0(CaQQLa)RVMGF-000001063
=700  1\$aEby, Betsy,$d1967-$ecurator,$econtributor.$1https://id.oclc.org/worldcat/entity/E39PBJcBVbwbyjvKT9WX8KxkXd
=710  2\$aBo Bartlett Center,$ehost institution.

