=LDR  00000ckcaa22000007i 4500
=001  1055563887
=005  20240202180208.2
=008  181003e20170702xx nnn            kneng d
=040  \\$aWAU$beng$erda$edacs$cWAU$dOCLCF$dOCLCO$dOCLCQ$dOCLCO$dOCLCL
=043  \\$an-us-wa
=046  \\$k2017-07-02$2edtf
=049  \\$aWAUW
=100  1\$aGerhard, John$c(Photographer),$ecreator.$1https://id.oclc.org/worldcat/entity/E39PCjrQdpRC4B3vGRTyQRX9cK
=245  10$aSeattle Trump impeachment march photograph collection.
=264  \0$cJuly 2, 2017
=300  \\$a58$fdigital photographs
=336  \\$astill image$bsti$2rdacontent
=337  \\$acomputer$bc$2rdamedia
=338  \\$aonline resource$bcr$2rdacarrier
=545  1\$aOn July 2, 2017, around 100 people attended a march to demand the impeachment of President Donald Trump. The march was organized in part by Free Speech for People and Indivisible groups. The protestors demanded that President Trump be held accountable for his foreign business dealings, travel bans, the widening investigation into his campaign's relationship with Russia, the banning of cameras from press briefings, as well as what they perceive to be his violations of the Constitution. Organizers contend that President Trump has violated at least three articles of the constitution, including the Foreign Emoluments Clause, the Domestic Emoluments Clause, and obstruction of justice. The group of concerned citizens rallied at Seattle Center at 11am before marching down 2nd Avenue to end at the Federal Building at 2nd Avenue and Marion Street.
=520  2\$aPhotographs from the Seattle Trump Impeachment March, July 2, 2017.
=506  \\$aThe collection is entirely digital and can be viewed only on the Libraries Digital Collections website.
=540  \\$aPhotographer's rights transferred to the University of Washington Libraries Special Collections.
=541  1\$cDonor:$aJohn Gerhard,$dJanuary 23, 2018.
=600  10$aGerhard, John$c(Photographer)$vArchives.
=600  10$aTrump, Donald,$d1946-$xImpeachment.
=650  \0$aDemonstrations$zWashington (State)$zSeattle$vPhotographs.
=651  \0$aSeattle (Wash.)$vPhotographs.
=650  \6$aManifestations$0(CaQQLa)201-0012239$zWashington (État)$0(CaQQLa)201-0394837$zSeattle$0(CaQQLa)201-0394837$vPhotographies.$0(CaQQLa)201-0378097
=600  17$aTrump, Donald,$d1946-$2fast$0(OCoLC)fst00174117$1https://id.oclc.org/worldcat/entity/E39PBJdx6kjDbQc3ddXKHrxbh3
=650  \7$aDemonstrations.$2fast$0(OCoLC)fst00890222
=650  \7$aImpeachments.$2fast$0(OCoLC)fst00968081
=651  \7$aWashington (State)$zSeattle.$2fast$0(OCoLC)fst01204940$1https://id.oclc.org/worldcat/entity/E39PBJrWFwxmr6yX7fxxbMJv73
=655  \2$aPhotograph$0(DNLM)D059036
=655  \7$aphotographs.$2aat$0(CStmoGRI)aatgf300046300
=655  \7$aArchives.$2fast$0(OCoLC)fst01423700
=655  \7$aPhotographs.$2fast$0(OCoLC)fst01423689
=655  \7$aPhotographs.$2lcgft
=655  \7$aPhotographies.$2rvmgf$0(CaQQLa)RVMGF-000001676
=758  \\$ihas work:$aSeattle Trump impeachment march photograph collection (StillImage)$1https://id.oclc.org/worldcat/entity/E39PCFFHp3cHjmDBVYY936wRyq$4https://id.oclc.org/worldcat/ontology/hasWork
=856  42$uhttp://archiveswest.orbiscascade.org/ark:/80444/xv944365$zConnect to the online finding aid for this collection.

