=LDR  00000ctm a2200000 i 4500
=001  1413472078
=005  20240604180704.3
=008  231212s2023    waua          000 p eng c
=040  \\$aWAU$beng$erda$cWAU$dOCLCO$dOCLCF$dWAU
=042  \\$apcc
=050  \4$aPS1541$b.A6 2023
=049  \\$aWAUW
=100  1\$aDickinson, Emily,$d1830-1886,$eauthor.
=240  10$aPoems.$kSelections
=245  10$aEnchanted ground /$cEmily Dickinson.
=264  \0$a[Washington State?] :$bSuzanne Moore,$c2023.
=300  \\$a5 unnumbered pages :$billustrations ;$c39 cm
=336  \\$atext$btxt$2rdacontent
=336  \\$astill image$bsti$2rdacontent
=337  \\$aunmediated$bn$2rdamedia
=338  \\$avolume$bnc$2rdacarrier
=340  \\$apaper$2rdamat
=340  \\$cink$2rdamat
=340  \\$dpainting (image-making)$2aat
=340  \\$dcalligraphy (process)$2aat
=340  \\$epaper$2rdamat
=340  \\$ehardboard$2rdamat
=340  \\$gpolychrome$2rdacc
=340  \\$gcolor
=340  \\$lgatherings (gathered matter components)$2aat
=340  \\$pillustration$2rdaill
=386  \\$aAmericans$2lcdgt
=386  \\$aWomen$2lcdgt
=386  \\$3Text:$aBay Staters$2lcdgt
=386  \\$3Illustrations:$aWashingtonians (Washington State)$2lcdgt
=500  \\$aOne-of-a-kind artist's book created by Suzanne Moore.
=500  \\$aConsists of a single signature with two folios of painted designs with a folded folio of five calligraphed poems at the center.
=650  \0$aArtists' books$vSpecimens.
=650  \7$aArtists' books.$2fast$0(OCoLC)fst00817660
=655  \7$apoetry.$2aat$0(CStmoGRI)aatgf300055931
=655  \7$aartists' books (books)$2aat$0(CStmoGRI)aatgf300123016
=655  \7$aArtists' books.$2fast$0(OCoLC)fst01750153
=655  \7$aPoetry.$2fast$0(OCoLC)fst01423828
=655  \7$aSpecimens.$2fast$0(OCoLC)fst01423861
=655  \7$aPoetry.$2lcgft
=655  \7$aArtists' books.$2lcgft
=655  \7$aPoésie.$2rvmgf$0(CaQQLa)RVMGF-000000476
=655  \7$aLivres d'artistes.$2rvmgf$0(CaQQLa)RVMGF-000000187
=700  1\$aMoore, Suzanne,$d1949-$eillustrator,$ecalligrapher.

