=LDR  00000njcaa22000003i 4500
=001  1268148545
=005  20240210061653.1
=008  210914s2018    xx   nn           n eng  
=040  \\$aWAU$beng$erda$edacs$cWAU$dOCLCL
=046  \\$k2018-05-17$2edtf
=049  \\$aWAUW
=100  1\$aUniversity of Washington Ethnomusicology Archives,$ecreator.
=245  10$aUW FAKE concert recordings: Rob Zim.
=264  \0$c2018 May 17
=336  \\$aperformed music$bprm$2rdacontent
=337  \\$aaudio$bs$2rdamedia
=338  \\$aaudiotape reel$bst$2rdacarrier
=545  0\$aHe was born and then palyed some music.
=520  2\$aCool Stuff
=506  \\$aFor terms of access, contact the University of Washington Libraries Ethnomusicology Archives.
=540  \\$aRestrictions may exist on reproduction, publication and use. Contact the University of Washington Libraries Ethnomusicology Archives for more information.
=546  \\$aCollection materials are in English.
=758  \\$ihas work:$aUW FAKE concert recordings: Rob Zim (Music)$1https://id.oclc.org/worldcat/entity/E39PCYJXrm84qtDm9xQyCxTfv3$4https://id.oclc.org/worldcat/ontology/hasWork
=856  42$uhttp://archiveswest.orbiscascade.org/ark:/80444/xv509551$zConnect to the online finding aid for this collection

