=LDR  00000cmmaa2200000 i 4500
=001  1332964586
=005  20230914001659.1
=008  220624m20192020xx      q  d        eng d
=040  \\$aWAU$beng$erda$edacs$cWAU$dWAU$dOCLCF$dOCLCO
=041  0\$aeng$aspa$aque
=046  \\$o2019$p2020$2edtf
=049  \\$aWAUW
=100  1\$aWhite, John Robert,$ecreator.
=245  10$aJohn White papers.
=264  \0$c2019-2020.
=300  \\$a0.155 GB (21 files)
=336  \\$atext$btxt$2rdacontent
=337  \\$acomputer$bc$2rdamedia
=338  \\$acomputer disc$bcd$2rdacarrier
=347  \\$atext file$2rdaft
=347  \\$bPDF
=351  \\$aArranged in 5 series: Series 1, Entrevista Comunidad Mondayacu -- Series 2, Entrevista 2 -- Series 3, Encuestas -- Series 4, Entrevista Mondayacu -- Series 5, Jacob Research Fund Report
=386  \\$3Researcher:$aAmericans$2lcdgt
=386  \\$3Interviewees:$aEcuadorians$2lcdgt
=545  0\$aAs of 2022, John Robert White is a PhD candidate at the Tulane University studying Indigenous conceptualizations and interactions with plant domestication and diversification. White completed his MSc in ethnobotany at the University of Kent at Canterbury, England. White investigates how Indigenous Runa farmers think about and modify food crop and crop wild relative diversity in Ecuador's Tropical Andean-Amazonian interface. White has received multiple awards from the Foreign Language and Area Studies (FLAS) program, Jacobs Research Funds, Lewis and Clark Funds, National Science Foundation DDRIG, and Fulbright-Hays DDRA.
=520  2\$aNotes from 2019-2020 ethnographic fieldwork in Mondayacu, Ecuador regarding Runa farmers' conceptualizations of and interactions with crop domestication and diversification.
=506  \\$aAccess to the materials in this collection for the purpose of reading, copying, or other use will be granted only with the donor's permission within 25 years of the date of the Jacobs Research Fund award. After 25 years, the collection will revert to UW Libraries Special Collections.
=540  \\$aCopyrights retained by creator. Contact University of Washington Libraries Special Collections for details.
=546  \\$aCollection materials are in Spanish and Kichwa.
=600  10$aWhite, John Robert$vArchives.
=650  \0$aQuechua Indians$xEthnobotany$zEcuador$zNapo (Province)$xHistory$vSources.
=650  \0$aCrop diversification$zEcuador$zNapo (Province)$xHistory$vSources.
=650  \0$aDomestication$zEcuador$zNapo (Province)$xHistory$vSources.
=650  \0$aEthnobotany$zEcuador$zNapo (Province)$xHistory$vSources.
=650  \6$aCultures$0(CaQQLa)201-0217243$xDiversification$0(CaQQLa)201-0217243$zÉquateur$0(CaQQLa)000346199$zNapo (Province)$0(CaQQLa)000346199$xHistoire$0(CaQQLa)201-0382350$vSources.$0(CaQQLa)201-0382350
=650  \6$aDomestication$0(CaQQLa)201-0040014$zÉquateur$0(CaQQLa)000346199$zNapo (Province)$0(CaQQLa)000346199$xHistoire$0(CaQQLa)201-0382350$vSources.$0(CaQQLa)201-0382350
=650  \7$aCrop diversification$2fast$0(OCoLC)fst00883911
=650  \7$aDomestication$2fast$0(OCoLC)fst00896706
=650  \7$aEthnobotany$2fast$0(OCoLC)fst00916074
=650  \7$aQuechua Indians$xEthnobotany$2fast$0(OCoLC)fst01085551
=651  \7$aEcuador$zNapo (Province)$2fast$0(OCoLC)fst01330405
=655  \7$atranscripts.$2aat$0(CStmoGRI)aatgf300027388
=655  \7$afield notes.$2aat$0(CStmoGRI)aatgf300027201
=655  \7$ainterviews.$2aat$0(CStmoGRI)aatgf300026392
=655  \7$aArchives$2fast$0(OCoLC)fst01423700
=655  \7$aField notes$2fast$0(OCoLC)fst02007231
=655  \7$aHistory$2fast$0(OCoLC)fst01411628
=655  \7$aInterviews$2fast$0(OCoLC)fst01423832
=655  \7$aSources$2fast$0(OCoLC)fst01423900
=655  \7$aField notes.$2lcgft
=655  \7$aInterviews.$2lcgft
=655  \7$aNotes d'observations.$2rvmgf$0(CaQQLa)RVMGF-000312402
=655  \7$aInterviews.$2rvmgf$0(CaQQLa)RVMGF-000000446
=856  42$uhttp://archiveswest.orbiscascade.org/ark:/80444/xv618421$zConnect to the finding aid for this collection

