=LDR  00000cgmaa2200000 i 4500
=001  1268150056
=005  20241203220138.9
=008  210914s2015    wau066            vleng  
=007  vd\cvaizu
=040  \\$aWAU$beng$erda$edacs$cWAU$dOCLCL$dWAU$dOCLCO
=046  \\$k2015-05-04$2edtf
=049  \\$aWAUW
=245  00$aHiroaki Tohgi lecture recording.
=264  \0$c2015 May 04
=300  \\$a1 videodisc (1:06:00) :$bsound, color ;$c4 3/4 in.
=336  \\$atwo-dimensional moving image$btdi$2rdacontent
=337  \\$avideo$bv$2rdamedia
=338  \\$avideodisc$bvd$2rdacarrier
=340  \\$b4 3/4 in.
=340  \\$dburning$2rdapm
=340  \\$gpolychrome$2rdacc
=340  \\$gcolor
=344  \\$adigital$2rdatr
=344  \\$boptical$2rdarm
=344  \\$isound$2rdasco
=344  \\$gstereo$2rdacpc
=346  \\$bNTSC$2rdabs
=347  \\$avideo file$2rdaft
=347  \\$bDVD video
=380  \\$aMotion pictures$2lcgft
=538  \\$aDVD-R, NTSC.
=545  0\$aThe University of Washington Ethnomusicology Archives has been collecting and curating unique ethnographic music recordings for over 50 years. Its holdings of more than 15,000 items include field recordings documenting music traditions of all kinds from most areas of the world, concert recordings of visiting musicians, and films and videos of a variety of musical events, as well as several hundred musical instruments. The Archives serves the students and faculty in the UW Ethnomusicology Program, the broader university community, Pacific Northwest tribes, and an international clientele of musicians, students, and teachers. Archival recordings are available for on-site listening. Depending on collection deposit agreements, copies of some materials may be obtained by researchers. Students are particularly encouraged to utilize archival materials to assist with class projects and help prepare for their own field work. The Archives employs several students each year and works informally with most ethnomusicology students as they begin to consider recording format options, equipment purchase, the practical problems of documentation in the field, and other issues related to their research. Students and other researchers are invited to deposit their field collections in the Archives, which offers secure storage and computer catalog access to all materials.
=520  \\$aMusic of the Japanese Imperial Court (Gagaku) - lecture by Chief Court Musician Hiroaki Tohgi, with translation by Paul Atkins, UW Allen Library Auditorium, May 4, 2015.
=518  \\$oRecorded$pUniversity of Washington$dMay 4, 2015.
=500  \\$aVideo recording made for the UW Ethnomusicology Archives; recorded with Panasonic AG-HMC 150P camcorder; processed in Final Cut and DVD Studio Pro and DVD work disc produced (digital files saved - 2015-6.1.mov, 2015-6.1.img)
=511  0\$aParticipants: Maestro Hiroaki Tohgi, assisted by Yuka Shibuya; Paul Atkins, translator.
=544  \\$aRelated collections: 2015-4 - Hiroaki Tohgi demonstration/performance 5/6/15; 2015-5 - Hiroaki Tohgi UW class demonstration 5/4/15; 2015-10 - Hiroaki Tohgi demonstration/performance (Asian Art Museum) 5/8/15.
=500  \\$aDocumentation: Poster.
=506  \\$aAccess restricted. For terms of access, contact the University of Washington Libraries Ethnomusicology Archives.
=540  \\$aRestrictions may exist on reproduction, publication and use. Contact the University of Washington Libraries Ethnomusicology Archives for more information.
=546  \\$aCollection materials are in English.
=650  \0$aGagaku.
=650  \0$aCourt dances (Music)
=650  \0$aDance$zJapan.
=650  \6$aGagaku.$0(CaQQLa)201-0065983
=650  \6$aDanse$zJapon.$0(CaQQLa)000284447
=655  \7$alectures.$2aat$0(CStmoGRI)aatgf300026673
=655  \7$aLectures.$2lcgft
=655  \7$aNonfiction films.$2lcgft
=655  \7$aConférences.$2rvmgf$0(CaQQLa)RVMGF-000001263
=655  \7$aFilms autres que de fiction.$2rvmgf$0(CaQQLa)RVMGF-000000105
=700  1\$aTohgi, Hiroaki,$espeaker
=700  1\$aShibuya, Yuka.
=700  1\$aAtkins, Paul S.$q(Paul Stephen),$d1969-$etranslator.
=710  2\$aUniversity of Washington.$bEthnomusicology Archives,$ecurator.
=758  \\$ihas work:$aHiroaki Tohgi lecture recording (Music)$1https://id.oclc.org/worldcat/entity/E39PCYy43w9fdkyRrt9GkyCytX$4https://id.oclc.org/worldcat/ontology/hasWork
=856  42$uhttp://archiveswest.orbiscascade.org/ark:/80444/xv46942$zConnect to the finding aid for this collection

