=LDR  00000cgmaa2200000 i 4500
=001  1268148572
=005  20241022165712.7
=008  210914s2016    wau               vleng d
=006  g122            vl
=007  vd\cvaizu
=040  \\$aWAU$beng$erda$edacs$cWAU$dOCLCL$dWAU$dOCLCO
=046  \\$k2016-06-02$2edtf
=049  \\$aWAUW
=245  00$aLaurel Sercombe visiting artist concert recordings: Ade Suparman.
=264  \0$c2016 June 02
=300  \\$a1 videodisc (2:02:09) :$bsound, color ;$c4 3/4 in.
=336  \\$atwo-dimensional moving image$btdi$2rdacontent
=337  \\$avideo$bv$2rdamedia
=338  \\$avideodisc$bvd$2rdacarrier
=340  \\$b4 3/4 in.
=340  \\$dburning$2rdapm
=340  \\$gpolychrome$2rdacc
=340  \\$gcolor
=344  \\$adigital$2rdatr
=344  \\$boptical$2rdarm
=344  \\$isound$2rdasco
=344  \\$gstereo$2rdacpc
=346  \\$bNTSC$2rdabs
=347  \\$avideo file$2rdaft
=347  \\$bDVD video
=380  \\$aMotion pictures$2lcgft
=545  0\$aLaurel Sercombe has been the Archivist for the Ethnomusicology Program at the University of Washington since 1982. She has co-produced a series of music recordings with Northwest Folklife, lectured for classes in Ethnomusicology, Library and Information Science, and American Indian Studies, and designed and taught a course on sound archiving. In 1998 she received a pre-doctoral Smithsonian Research Fellowship and in 2001 received her Ph.D. with the dissertation And Then It Rained: Power and Song in Western Washington Coast Salish Myth Narratives. She is a member of the Music Library Association, the Association for Recorded Sound Collections, and the Society for Ethnomusicology, for which she served as Current Discographer 1992-2000 and Treasurer 2000-2004. She serves on the boards of Jack Straw Productions and Northwest Heritage Resources. In 2013 she organized and hosted "Sounds of the World," a series of six programs for UWTV featuring film footage from the Robert Garfias Collection in the Ethnomusicology Archives.
=500  \\$aVideo recording by Laurel Sercombe for the UW Ethnomusicology Archives; recorded with Panasonic AG-HMC 150P camcorder; audio mix provided by Gary Louie from pair of KM-184 cardioid mics and P.A. feed from house sound; processed in Final Cut and DVD Studio Pro and DVD work disc produced (digital files saved - 2016-3.1.mov, 2016-3.1.img
=511  0\$aPerformers: Ade Suparman/kacapi, suling, drum; Nurrika/dancer; Sean Williams/vocalist; students of Ade Suparman - Jorge Bayona, Manuel Castro, Katia Chaterji, Giuliana Conti, Shannon Garcia, Skúli Gestsson, Julia Knox, Mike Kohfeld, Rachel Mahre, Isaac McDonald, Anja McElvaney, Chris Mena, Matt Sablan, Solmaz Shakerifard, Erica Weisman; dancers: Phoebe Askelson, Mary Barnes, Katia Chaterji, Cameron Cumberland, Olivia Kotha, Benjamin Moseley, Matt Sablan, Tikka Sears, Christina Sunardi, "Senggo" Sunardi.
=505  0\$aContents (from DVD): Ch. 1 - Introduction by Patricia Campbell; Ch. 2-5 - Tembang Sunda: Rajah, Papatet, Mupukembang-Goyong-Balagenyat; Ch. 6-7 - Kacapi-suling; Ch. 8-9 - Gamelan Degung: Tepang Asih, Ayun Ambing; Ch. 10 - Tari Merak (Dance of the Peacock); Ch. 11 - Marudah (composed by Ade Suparman); Ch. 12-13 - Gamelan degung: Renggong Buyut, Palwa; Ch. 14 - Gaplek Dance - Nurrika/featured dancer; Ch. 15 - Kidung Giri Kesuma (composed by Ade Suparman); Ch. 16-17 - Gamelan degung: Lutung Bingung, Pajajaran; Ch. 18 - Tari Babalen (dance); Ch. 19 - Tari Kandagan - Nurrika/dancer.
=500  \\$aDocumentation: Concert program.
=506  \\$aAccess restricted. For terms of access, contact the University of Washington Libraries Ethnomusicology Archives.
=540  \\$aRestrictions may exist on reproduction, publication and use. Contact the University of Washington Libraries Ethnomusicology Archives for more information.
=546  \\$aCollection materials are in English.
=650  \0$aGamelan.
=650  \0$aKacapi (Lute)
=650  \0$aSuling (Musical instrument)
=650  \0$aKacapi-suling.
=650  \0$aDrum.
=650  \0$aMusic$zIndonesia$zJava.
=650  \0$aDance$zIndonesia$zJava.
=650  \0$aConcerts$zWashington (State)$zSeattle.
=650  \6$aGamelan.$0(CaQQLa)201-0008335
=650  \6$aSuling.$0(CaQQLa)201-0198599
=650  \6$aTambour.$0(CaQQLa)201-0017714
=650  \6$aMusique$0(CaQQLa)201-0070033$zIndonésie$0(CaQQLa)201-0484207$zJava.$0(CaQQLa)201-0484207
=650  \6$aDanse$0(CaQQLa)201-0004393$zIndonésie$0(CaQQLa)201-0484207$zJava.$0(CaQQLa)201-0484207
=650  \6$aConcerts$0(CaQQLa)201-0026433$zWashington (État)$0(CaQQLa)201-0394837$zSeattle.$0(CaQQLa)201-0394837
=650  \7$agamelan.$2aat$0(CStmoGRI)aat300205068
=650  \7$asuling.$2aat$0(CStmoGRI)aat300214365
=650  \7$adrums (membranophones)$2aat$0(CStmoGRI)aat300041729
=700  1\$aSuparman, Ade,$eperformer.
=700  1\$aNurrika,$edancer
=700  1\$aSundari, Christina,$eperformer.
=700  1\$aSercombe, Laurel.$1https://id.oclc.org/worldcat/entity/E39PBJrckQJ4qTj3V8mmDmDXh3
=710  2\$aUniversity of Washington.$bEthnomusicology Archives,$ecurator.
=758  \\$ihas work:$aLaurel Sercombe visiting artist concert recordings: Ade Suparman (Music)$1https://id.oclc.org/worldcat/entity/E39PCYMd4RtvvYc3ffmygcjkCP$4https://id.oclc.org/worldcat/ontology/hasWork
=856  42$uhttp://archiveswest.orbiscascade.org/ark:/80444/xv65112$zConnect to the finding aid for this collection

