=LDR  00000cgm a2200000 i 4500
=001  1425166437
=005  20240427011909.3
=008  240306t20232023cau000 c          vaeng d
=007  vd\cvaizs
=040  \\$aWAU$beng$erda$cWAU$dOCLCO$dOCLCQ
=024  1\$a883929809479
=028  42$a3000095250
=041  0\$aeng$peng$heng
=046  \\$o2010$p2018$2edtf
=082  04$a791.4572$qOCoLC$223/eng/20240417
=049  \\$aWAUW
=130  0\$aAdventure time (Television program)
=245  10$aAdventure time :$bthe complete collection /$cCartoon Network.
=264  \1$a[California] :$bWarner Bros.$c[2023]
=264  \4$3Container:$c©2023
=300  \\$a22 videodiscs ( 3268 min.) :$bsound, color ;$c4 3/4 in.
=336  \\$atwo-dimensional moving image$btdi$2rdacontent
=337  \\$avideo$bv$2rdamedia
=338  \\$avideodisc$bvd$2rdacarrier
=340  \\$b4 3/4 in.
=340  \\$gpolychrome$2rdacc
=340  \\$gcolor
=340  \\$dstamping$2rdapm
=341  \\$aauditory$dcaptions$2sapdv
=344  \\$adigital$2rdatr
=344  \\$boptical$2rdarm
=344  \\$isound$2rdasco
=344  \\$h2.0  Dolby Digital
=345  \\$dwide screen$2rdaar
=346  \\$bNTSC$2rdabs
=347  \\$avideo file$2rdaft
=347  \\$bDVD video
=347  \\$eregion 1$2rdare
=380  \\$aTelevision programs$2lcgft
=538  \\$aDVD, NTSC, region 1; Dolby Digital 2.0
=546  \\$aIn English.
=532  1\$aEnglish subtitles for the hard of hearing
=521  8\$aTV rating: TV-PG.
=511  0\$aVoices: John DiMaggio, Jeremy Shada, Tom Kenny, Hynden Walch, Niki Yang, Pendleton Ward, DeeBradley Baker, Maria Bramford.
=508  \\$aSeries directors, Bong Hee Han [and others] ; writers, Pendleton Ward [and others]
=500  \\$aCreated by Pendleton Ward.
=500  \\$aOriginally aired as episodes of the television program 2010-2018 on the Cartoon Network.
=500  \\$aWide screen.
=520  \\$aIt features unlikely heroes Finn and Jake, buddies who traverse the mystical Land of Ooo and encounter its colorful inhabitants. The best of friends, the heroes always find themselves in the middle of heart-pounding escapades. Finn, a silly kid with an awesome hat, and Jake, a brassy dog with a big kind heart, depend on each other through thick and thin.
=500  \\$aSpecial features include retrospective documentary, documenty on the music, live performances, etc.
=600  00$aFinn$c(Fictitious character from Ward)$vJuvenile drama.
=600  00$aJake$c(Fictitious character from Ward)$vJuvenile drama.
=650  \0$aDogs$vJuvenile drama.
=650  \0$aHeroes$vJuvenile drama.
=650  \0$aMagic$vJuvenile drama.
=650  \0$aHuman-animal relationships$vJuvenile drama.
=650  \0$aFriendship$vJuvenile drama.
=650  \0$aQuests (Expeditions)$vJuvenile drama.
=650  \0$aImaginary places$vJuvenile drama.
=655  \7$aChildren's television programs.$2lcgft
=655  \7$aAnimated television programs.$2lcgft
=655  \7$aFantasy television programs.$2lcgft
=655  \7$aAction and adventure television programs.$2lcgft
=655  \7$aTelevision series.$2lcgft
=655  \7$aTelevision programs.$2lcgft
=655  \7$aÉmissions télévisées pour enfants.$2rvmgf$0(CaQQLa)RVMGF-000000039
=655  \7$aÉmissions fantastiques télévisées.$2rvmgf$0(CaQQLa)RVMGF-000000055
=655  \7$aÉmissions d'aventures télévisées.$2rvmgf$0(CaQQLa)RVMGF-000000032
=655  \7$aSéries télévisées.$2rvmgf$0(CaQQLa)RVMGF-000000025
=655  \7$aÉmissions télévisées.$2rvmgf$0(CaQQLa)RVMGF-000000027
=700  1\$aHan, Bong Hee,$etelevision director.
=700  1\$aWard, Pendleton,$d1982-$ecreator,$escreenwriter.
=700  1\$aDiMaggio, John,$d1968-$evoice actor.
=700  1\$aShada, Jeremy,$evoice actor.
=700  1\$aKenny, Tom,$evoice actor.
=700  1\$aWalch, Hynden,$evoice actor.
=730  0\$iContainer of (work):$aAdventure time (Television program).$nSeason 1.
=730  0\$iContainer of (work):$aAdventure time (Television program).$nSeason 2.
=730  0\$iContainer of (work):$aAdventure time (Television program).$nSeason 3.
=730  0\$iContainer of (work):$aAdventure time (Television program).$nSeason 4.
=730  0\$iContainer of (work):$aAdventure time (Television program).$nSeason 5.
=730  0\$iContainer of (work):$aAdventure time (Television program).$nSeason 6.
=730  0\$iContainer of (work):$aAdventure time (Television program).$nSeason 7.
=730  0\$iContainer of (work):$aAdventure time (Television program).$nSeason 8.

