=LDR  00000ngm a2200000 i 4500
=001  1463114111
=005  20241022170528.1
=008  241021p20232023cau083        o   vleng d
=006  m    eo  c        
=007  vz\czazuu
=007  cr\cna---auuuu
=040  \\$aWAU$beng$erda$epn$cWAU$dOCLCO
=041  0\$aeng$peng
=043  \\$an-us---
=049  \\$aWAUW
=245  00$aReimagining safety /$ca film by Matthew Solomon ; Matthew Solomon Films.
=264  \1$a[United States] :$bMathew Solomon Films,$c[2023]
=264  \4$c©2023
=300  \\$a1 online resource (1 video file (83 min.)) :$bsound, color
=336  \\$atwo-dimensional moving image$btdi$2rdacontent
=337  \\$acomputer$bc$2rdamedia
=338  \\$aonline resource$bcr$2rdacarrier
=340  \\$gpolychrome$2rdacc
=340  \\$gcolor
=344  \\$adigital$2rdatr
=344  \\$isound$2rdasco
=344  \\$gstereo$2rdacpc
=347  \\$avideo file$2rdaft
=380  \\$aMotion pictures$2lcgft
=508  \\$aEditing, Matthew Solomon, Pearry Reginald Teo ; music, Steve Yeaman.
=520  \\$aTen experts discuss practical alternatives to policing and incarceration following the 2020 murder of George Floyd.
=546  \\$aIn English.
=532  1\$aClosed captioning available.
=588  \\$aDescription based on online resource; title from title frames (Docuseek2, viewed October 21, 2024).
=600  10$aFloyd, George,$d1973-2020.
=650  \0$aLaw enforcement$zUnited States.
=650  \0$aImprisonment$zUnited States.
=650  \0$aPolice brutality$zUnited States.
=650  \0$aPublic safety$zUnited States.
=650  \0$aMental health.
=650  \6$aLois$0(CaQQLa)201-0043569$xApplication$0(CaQQLa)201-0043569$zÉtats-Unis.$0(CaQQLa)201-0407727
=650  \6$aEmprisonnement$0(CaQQLa)201-0055249$zÉtats-Unis.$0(CaQQLa)201-0407727
=650  \6$aBrutalités policières$0(CaQQLa)201-0247375$zÉtats-Unis.$0(CaQQLa)201-0407727
=650  \6$aSécurité publique$0(CaQQLa)000263764$zÉtats-Unis.$0(CaQQLa)201-0407727
=655  \7$adocumentary film.$2aat$0(CStmoGRI)aatgf300375156
=655  \7$aInternet videos.$2lcgft
=655  \7$aDocumentary films.$2lcgft
=655  \7$aNonfiction films.$2lcgft
=655  \7$aVideo recordings for the hearing impaired.$2lcgft
=655  \7$aVidéos sur Internet.$2rvmgf$0(CaQQLa)RVMGF-000001568
=655  \7$aDocumentaires.$2rvmgf$0(CaQQLa)RVMGF-000000017
=655  \7$aFilms autres que de fiction.$2rvmgf$0(CaQQLa)RVMGF-000000105
=700  1\$aSolomon, Matthew,$c(Director)$efilm director
=710  2\$aMatthew Solomon Films,$eproduction company,$epublisher.


